% 01 - 01 - Intro
@article{Goodman_Flaxman,
  author={Goodman  Flaxman},
  year={2017},
  url={https://doi.org/10.1609/aimag.v38i3.2741}
}
@article{European_Commission,
    title={European Commission},
    year={2019},
    url={https://doi.org/10.2759/346720}
}
% 01 - 02 - Goals
@article{Adadi_Berrada,
  author={Adadi and Berrada},
  year={2018},
  url={https://doi.org/10.1109/ACCESS.2018.2870052}
}
@article{Larson,
  author={Larson et al.},
  year={2016},
  url={https://www.propublica.org/article/how-we-analyzed-the-compas-recidivism-algorithm}
}
@article{Alvarez_Melis_Jaakkola,
  author={Alvarez-Melis and Jaakkola},
  year={2018},
  url={https://arxiv.org/pdf/1806.08049.pdf}
}
% 01 - 05 - Interactions
@article{Friedman_Popescu,
  author={Friedman and Popescu},
  year={2008},
  url={https://doi.org/10.1214/07-AOAS148}
}