% 02 - 01 - motivation
% \citebutton{Rudin 2019}{https://www.nature.com/articles/s42256-019-0048-x}
@article{Rudin,
  author = {Rudin},
  year = {2019},
  url = {https://www.nature.com/articles/s42256-019-0048-x},
}
% -------------------------------------------------------------
% 02 - 02 - lm simple
% \citebutton{Faraway (2002), Ch. 7}{https://cran.r-project.org/doc/contrib/Faraway-PRA.pdf} 
@article{Faraway,
  title = {Faraway, Ch. 7},
  year = {2002},
  url = {https://cran.r-project.org/doc/contrib/Faraway-PRA.pdf},
}

% \citebutton{Checking assumptions in R \& Python}{https://towardsdatascience.com/assumptions-of-linear-regression-fdb71ebeaa8b}
% Error 404
@article{CheckingAssumptions,
  title = {Checking assumptions in R \& Python},
  url = {https://towardsdatascience.com/assumptions-of-linear-regression-fdb71ebeaa8b},
}
% -------------------------------------------------------------
% 02 - 03 - lm extensions
% \citebutton{Tibshirani (1996)}{https://doi.org/10.1111/j.2517-6161.1996.tb02080.x}}
@paper{Tibshirani,
  author = {Tibshirani},
  year = {1996},
  url = {https://doi.org/10.1111/j.2517-6161.1996.tb02080.x},
}
% \citebutton{Yuan and Lin (2006)}{https://doi.org/10.1111/j.1467-9868.2005.00532.x}
@article{Yuan_Lin,
  author = {Yuan and Lin},
  year = {2006},
  url = {https://doi.org/10.1111/j.1467-9868.2005.00532.x},
}

% -------------------------------------------------------------
% 02 - 04 - glm
% \citebutton{Nelder and Wedderburn 1972}{https://doi.org/10.2307/2344614}}
@article{Nelder_Wedderburn,
  author = {Nelder and Wedderburn},
  year = {1972},
  url = {https://doi.org/10.2307/2344614},
}

% -------------------------------------------------------------
% 02 - 05 - tree based
% \citebutton{Breiman et al. (1984)}{https://doi.org/10.1201/9781315139470}}
@article{Breiman,
  author = {Breiman},
  year = {1984},
  url = {https://doi.org/10.1201/9781315139470},
}
% \citebutton{Hothorn et al. (2006)}{https://doi.org/10.1198/106186006X133933}
@article{Hothorn,
  author = {Hothorn},
  year = {2006},
  url = {https://doi.org/10.1198/106186006X133933},
}
% \citebutton{Zeileis et al. (2008)}{https://doi.org/10.1198/106186008X319331}
@article{Zeileis,
  author = {Zeileis},
  year = {2008},
  url = {https://doi.org/10.1198/106186008X319331},
}
% \citebutton{Strobl et al. (2007)}{https://doi.org/10.1186/1471-2105-8-25}
@article{Strobl,
  author = {Strobl},
  year = {2007},
  url = {https://doi.org/10.1186/1471-2105-8-25},
}
% \citebutton{Holte 1993}{https://doi.org/10.1023/A:1022631118932}
@article{Holte,
  author = {Holte},
  year = {1993},
  url = {https://doi.org/10.1023/A:1022631118932},
}
% \citebutton{Friedman \& Popescu 2008}{https://arxiv.org/abs/0811.1679}
@article{Friedman_Popescu,
  author = {Friedman and Popescu},
  year = {2008},
  url = {https://arxiv.org/abs/0811.1679},
}
% \citebutton{Molnar 2022}{https://christophm.github.io/interpretable-ml-book/}
@article{Molnar,
  author = {Molnar},
  year = {2022},
  url = {https://christophm.github.io/interpretable-ml-book/},
}