% ================= 07-fe-marginal-effects.tex =================
% \citebutton{Bartus, 2005}{https://doi.org/10.1177/1536867X0500500303}
@article{Bartus_2005,
    author = {Bartus},
    title  = {Bartus, 2005},
    year   = {2005},
    url    = {https://doi.org/10.1177/1536867X0500500303}
}

% \citebutton{Scholbeck, 2024}{https://link.springer.com/article/10.1007/s10618-023-00993-x}
@article{Scholbeck_2024,
    author = {Scholbeck},
    title  = {Scholbeck, 2024},
    year   = {2024},
    url    = {https://link.springer.com/article/10.1007/s10618-023-00993-x}
}

% ================= 06-fe-ale.tex =================
% \citebutton{Apley, Zhu (2020)}{https://arxiv.org/abs/1612.08468}
@article{Zhu_2020,
    author = {Zhu},
    title  = {Apley, Zhu (2020)},
    year   = {2020},
    url    = {https://arxiv.org/abs/1612.08468}
}

% ================= 04-fe-pdp-comments.tex =================
% \citebutton{Goldstein et al. (2015)}{https://doi.org/10.1080/10618600.2014.907095}
@article{Goldstein_2015,
    author = {Goldstein},
    title  = {Goldstein et al. (2015)},
    year   = {2015},
    url    = {https://doi.org/10.1080/10618600.2014.907095}
}

% ================= 02-fe-ice.tex =================
% \citebutton{Goldstein et. al (2013)}{https://doi.org/10.1080/10618600.2014.907095}
@article{Goldstein_2013,
    author = {Goldstein},
    title  = {Goldstein et. al (2013)},
    year   = {2013},
    url    = {https://doi.org/10.1080/10618600.2014.907095}
}

% ================= 03-fe-pdp.tex =================
% \citebutton{Friedman (2001)}{https://www.jstor.org/stable/2699986}
@article{Friedman_2001,
    author = {Friedman},
    title  = {Friedman (2001)},
    year   = {2001},
    url    = {https://www.jstor.org/stable/2699986}
}

% ================= 08-resources-and-software.tex =================
% \citebutton{Molnar 2025}{https://christophm.github.io/interpretable-ml-book/ice.html}
@article{Molnar_2025,
    author = {Molnar},
    title  = {Molnar 2025},
    year   = {2025},
    url    = {https://christophm.github.io/interpretable-ml-book/ice.html}
}

% \citebutton{iml}{https://github.com/giuseppec/iml}
@article{iml,
    author = {iml},
    title  = {iml},
    year   = {},
    url    = {https://github.com/giuseppec/iml}
}

% \citebutton{pdp}{https://github.com/bgreenwell/pdp}
@article{pdp,
    author = {pdp},
    title  = {pdp},
    year   = {},
    url    = {https://github.com/bgreenwell/pdp}
}

% \citebutton{ICEbox}{https://github.com/kapelner/ICEbox}
@article{ICEbox,
    author = {ICEbox},
    title  = {ICEbox},
    year   = {},
    url    = {https://github.com/kapelner/ICEbox}
}

% \citebutton{PiML}{https://selfexplainml.github.io/PiML-Toolbox/_build/html/index.html}
@article{PiML,
    author = {PiML},
    title  = {PiML},
    year   = {},
    url    = {https://selfexplainml.github.io/PiML-Toolbox/_build/html/index.html}
}

% \citebutton{sklearn}{https://scikit-learn.org/stable/modules/partial_dependence.html}
@article{sklearn,
    author = {sklearn},
    title  = {sklearn},
    year   = {},
    url    = {https://scikit-learn.org/stable/modules/partial_dependence.html}
}

% \citebutton{DALEX}{https://github.com/ModelOriented/DALEX}
@article{DALEX,
    author = {DALEX},
    title  = {DALEX},
    year   = {},
    url    = {https://github.com/ModelOriented/DALEX}
}

% \citebutton{effector}{https://github.com/givasile/effector}
@article{effector,
    author = {effector},
    title  = {effector},
    year   = {},
    url    = {https://github.com/givasile/effector}
}

% \citebutton{PDPbox}{https://github.com/SauceCat/PDPbox}
@article{PDPbox,
    author = {PDPbox},
    title  = {PDPbox},
    year   = {},
    url    = {https://github.com/SauceCat/PDPbox}
}

% \citebutton{Apley et al. 2020}{https://doi.org/10.1111/rssb.12377}
@article{Apley_2020,
    author = {Apley},
    title  = {Apley et al. 2020},
    year   = {2020},
    url    = {https://doi.org/10.1111/rssb.12377}
}

% \citebutton{ALEPlot}{https://cran.r-project.org/web/packages/ALEPlot/index.html}
@article{ALEPlot,
    author = {ALEPlot},
    title  = {ALEPlot},
    year   = {},
    url    = {https://cran.r-project.org/web/packages/ALEPlot/index.html}
}

% \citebutton{ALEPython}{https://github.com/blent-ai/ALEPython}
@article{ALEPython,
    author = {ALEPython},
    title  = {ALEPython},
    year   = {},
    url    = {https://github.com/blent-ai/ALEPython}
}

% \citebutton{Alibi}{https://docs.seldon.io/projects/alibi/en/stable/index.html}
@article{Alibi,
    author = {Alibi},
    title  = {Alibi},
    year   = {},
    url    = {https://docs.seldon.io/projects/alibi/en/stable/index.html}
}

% \citebutton{Herbinger et al. (2022)}{https://proceedings.mlr.press/v151/herbinger22a.html}
@article{Herbinger_2022,
    author = {Herbinger},
    title  = {Herbinger et al. (2022)},
    year   = {2022},
    url    = {https://proceedings.mlr.press/v151/herbinger22a.html}
}

% \citebutton{repid}{https://github.com/JuliaHerbinger/repid}
@article{repid,
    author = {repid},
    title  = {repid},
    year   = {},
    url    = {https://github.com/JuliaHerbinger/repid}
}
