% ================= 03-fd-h-statistic.tex =================
% \citebutton{Friedman and Popescu (2008)}{https://doi.org/10.1214/07-AOAS148}
@article{Popescu_2008,
    author = {Popescu},
    title  = {Friedman and Popescu (2008)},
    year   = {2008},
    url    = {https://doi.org/10.1214/07-AOAS148}
}

% ================= 05-fd-other-methods.tex =================
% \citebutton{Hooker (2007)}{http://www.tandfonline.com/doi/abs/10.1198/106186007X237892}
@article{Hooker_2007,
    author = {Hooker},
    title  = {Hooker (2007)},
    year   = {2007},
    url    = {http://www.tandfonline.com/doi/abs/10.1198/106186007X237892}
}

% ================= 02-fd-standard-fANOVA.tex =================
% \citebutton{Hooker (2004)}{https://dl.acm.org/doi/10.1145/1014052.1014122}
@article{Hooker_2004,
    author = {Hooker},
    title  = {Hooker (2004)},
    year   = {2004},
    url    = {https://dl.acm.org/doi/10.1145/1014052.1014122}
}

% ================= 01-fd-intro-motivation.tex =================
% \citebutton{Li and Rabitz (2011)}{https://doi.org/10.1007/s10910-011-9898-0}
@article{Rabitz_2011,
    author = {Rabitz},
    title  = {Li and Rabitz (2011)},
    year   = {2011},
    url    = {https://doi.org/10.1007/s10910-011-9898-0}
}

% \citebutton{Chastaing et al. (2012)}{https://doi.org/10.1214/12-EJS749}
@article{Chastaing_2012,
    author = {Chastaing},
    title  = {Chastaing et al. (2012)},
    year   = {2012},
    url    = {https://doi.org/10.1214/12-EJS749}
}

% \citebutton{Sobol (1993)}{http://www.andreasaltelli.eu/file/repository/sobol1993.pdf}
@article{Sobol_1993,
    author = {Sobol},
    title  = {Sobol (1993)},
    year   = {1993},
    url    = {http://www.andreasaltelli.eu/file/repository/sobol1993.pdf}
}

% \citebutton{Sobol (2003)}{https://doi.org/10.1016/S0951-8320(02)00229-6}
@article{Sobol_2003,
    author = {Sobol},
    title  = {Sobol (2003)},
    year   = {2003},
    url    = {https://doi.org/10.1016/S0951-8320(02)00229-6}
}

% \citebutton{Li et al. (2001)}{https://doi.org/10.1021/jp010450t}
@article{Li_2001,
    author = {Li},
    title  = {Li et al. (2001)},
    year   = {2001},
    url    = {https://doi.org/10.1021/jp010450t}
}

% \citebutton{Yang (2024)}{https://arxiv.org/abs/2410.19098}
@article{Yang_2024,
    author = {Yang},
    title  = {Yang (2024)},
    year   = {2024},
    url    = {https://arxiv.org/abs/2410.19098}
}
