% 03 - 06 - gam
% \citebutton{Hastie and Tibshirani (1986)}{https://www.jstor.org/stable/2245459}}
@article{Hastie_Tibshirani,
  author = {Hastie and Tibshirani},
  year = {1986},
  url = {https://www.jstor.org/stable/2245459},
}

% \citebutton{Bühlmann, Yu 2003}{https://doi.org/10.1198/016214503000125}
@article{Buhlmann_Yu,
  author = {Bühlmann and Yu},
  year = {2003},
  url = {https://doi.org/10.1198/016214503000125},
}

% \citebutton{Bühlmann, Hothorn 2008}{https://arxiv.org/abs/0804.2752}}
@article{Buhlmann_Hothorn,
  author = {Bühlmann and Hothorn},
  year = {2008},
  url = {https://arxiv.org/abs/0804.2752},
}

%  \citebutton{Daniel Schalk et al. 2018}{https://doi.org/10.21105/joss.00967}
@article{Schalk,
  author = {Schalk},
  year = {2018},
  url = {https://doi.org/10.21105/joss.00967},
}

% -----------------------------------------------
% 03 - 07 - ebm
% \citebutton{Lou et al. 2012}{https://www.cs.cornell.edu/~yinlou/papers/lou-kdd12.pdf}}
@article{Lou_2012,
  author = {Lou},
  year = {2012},
  url = {https://www.cs.cornell.edu/~yinlou/papers/lou-kdd12.pdf},
} 
% \citebutton{Lou et al. 2013}{https://www.cs.cornell.edu/~yinlou/papers/lou-kdd13.pdf}}
@article{Lou_2013,
  author = {Lou},
  year = {2013},
  url = {https://www.cs.cornell.edu/~yinlou/papers/lou-kdd13.pdf},
}

% \citebutton{B\"uhlmann \& Hothorn 2007}{https://doi.org/10.1214/07-STS242}
@article{Buhlmann_Hothorn_2007,
  author = {Bühlmann and Hothorn},
  year = {2007},
  url = {https://doi.org/10.1214/07-STS242},
}

% -----------------------------------------------
% 03 - 08 - rpf
% \citebutton{Hiabu et al. 2023}{https://arxiv.org/abs/2012.14563}}
@article{Hiabu,
  author = {Hiabu},
  year = {2023},
  url = {https://arxiv.org/abs/2012.14563},
}