% ================= 06-im-gam-boosting.tex =================
@article{Tibshirani_1986,
    author = {Tibshirani},
    title  = {Hastie and Tibshirani (1986)},
    year   = {1986},
    url    = {https://www.jstor.org/stable/2245459}
}

@article{Yu_2003,
    author = {Yu},
    title  = {Bühlmann, Yu 2003},
    year   = {2003},
    url    = {https://doi.org/10.1198/016214503000125}
}

@article{Hothorn_2008,
    author = {Hothorn},
    title  = {Bühlmann, Hothorn 2008},
    year   = {2008},
    url    = {https://arxiv.org/abs/0804.2752}
}

@article{Schalk_2018,
    author = {Schalk},
    title  = {Daniel Schalk et al. 2018},
    year   = {2018},
    url    = {https://doi.org/10.21105/joss.00967}
}

@article{Breiman_1984,
    author = {Breiman},
    title  = {Breiman et al. (1984)},
    year   = {1984},
    url    = {https://doi.org/10.1201/9781315139470}
}

@article{Popescu_2008,
    author = {Popescu},
    title  = {Friedman and Popescu 2008},
    year   = {2008},
    url    = {https://arxiv.org/abs/0811.1679}
}

@article{Holte_1993,
    author = {Holte},
    title  = {Holte 1993},
    year   = {1993},
    url    = {https://doi.org/10.1023/A:1022631118932}
}

@article{Zhang_2004,
    author = {Zhang},
    title  = {Zhang 2004},
    year   = {2004},
    url    = {https://www.aaai.org/Papers/FLAIRS/2004/Flairs04-097.pdf}
}

@article{Cover_1967,
    author = {Cover},
    title  = {Cover 1967},
    year   = {1967},
    url    = {https://doi.org/10.1109/TIT.1967.1053964}
}

@article{Molnar_2022,
    author = {Molnar},
    title  = {Molnar 2022},
    year   = {2022},
    url    = {https://christophm.github.io/interpretable-ml-book/}
}

@article{Jos_2018,
    author = {Jos},
    title  = {José 2018},
    year   = {2018},
    url    = {https://towardsdatascience.com/knn-k-nearest-neighbors-1-a4707b24bd1d}
}

% ================= 07-im-ebm.tex =================
@article{Lou_2012,
    author = {Lou},
    title  = {Lou et al. 2012},
    year   = {2012},
    url    = {https://www.cs.cornell.edu/~yinlou/papers/lou-kdd12.pdf}
}

@article{Lou_2013,
    author = {Lou},
    title  = {Lou et al. 2013},
    year   = {2013},
    url    = {https://www.cs.cornell.edu/~yinlou/papers/lou-kdd13.pdf}
}

@article{B_hlmann_2003,
    author = {B_hlmann},
    title  = {Bühlmann, 2003},
    year   = {2003},
    url    = {https://doi.org/10.1198/016214503000125}
}

@article{B_hlmann_2008,
    author = {B_hlmann},
    title  = {Bühlmann, 2008},
    year   = {2008},
    url    = {https://arxiv.org/abs/0804.2752}
}

@article{Hothorn_2007,
    author = {Hothorn},
    title  = {B\"uhlmann \& Hothorn 2007},
    year   = {2007},
    url    = {https://doi.org/10.1214/07-STS242}
}

% ================= 08-im-rpf.tex =================
@article{Hiabu_2023,
    author = {Hiabu},
    title  = {Hiabu et al. 2023},
    year   = {2023},
    url    = {https://arxiv.org/abs/2012.14563}
}
